<record xmlns="http://www.loc.gov/MARC21/slim" xmlns:xsi="http://www.w3.org/2001/XMLSchema-instance" xsi:schemaLocation="http://www.loc.gov/MARC21/slim http://www.loc.gov/standards/marcxml/schema/MARC21slim.xsd"><leader>     nam a22        4500</leader><controlfield tag="001">4893622</controlfield><controlfield tag="003">NNC</controlfield><controlfield tag="006">m        d        </controlfield><controlfield tag="007">cr cn |||m|||a</controlfield><controlfield tag="008">150316m19251926iq      o     000 0 ara d</controlfield><datafield ind1=" " ind2=" " tag="040"><subfield code="a">NNU</subfield><subfield code="b">eng</subfield><subfield code="c">NNU</subfield></datafield><datafield ind1="1" ind2=" " tag="100"><subfield code="a">Naqdi&#772;, Ja&#699;far,</subfield><subfield code="d">1885-1951.</subfield></datafield><datafield ind1="1" ind2="0" tag="240"><subfield code="a">Minan al-rah&#803;ma&#772;n fi&#772; sharh&#803; Wasi&#772;lat al-fawz wa-al-ama&#772;n fi&#772; madh&#803; s&#803;a&#772;h&#803;ib al-&#699;as&#803;r wa-al-zama&#772;n</subfield></datafield><datafield ind1="1" ind2="0" tag="245"><subfield code="a">Kita&#772;b Minan al-Rah&#803;ma&#772;n</subfield><subfield code="h">[electronic resource] :</subfield><subfield code="b">fi&#772; sharh&#803; Wasi&#772;lat alfawz wa-al-ama&#772;n fi&#772; madh&#803; S&#803;a&#772;h&#803;ib al-A&#65056;s&#803;r wa-al-Zama&#772;n</subfield><subfield code="c">(a&#65056;jjala Alla&#772;h taa&#772;&#65056;la&#772; farajahu&#772;) ta &#65057;li&#772;f Jaf&#65056;ar ibn Muh&#803;ammad al-Naqdi&#772;&#803;.</subfield></datafield><datafield ind1=" " ind2=" " tag="260"><subfield code="a">al-Najaf,</subfield><subfield code="b">al-Mat&#803;b. al-H&#803;aydari&#772;yah,</subfield><subfield code="c">1344-45 h. [1925-26]</subfield></datafield><datafield ind1=" " ind2=" " tag="300"><subfield code="a">online resource ([1 v.])</subfield></datafield><datafield ind1=" " ind2=" " tag="500"><subfield code="a">Part of the Arabic Collections Online (ACO) project, contributed by Columbia University Libraries.</subfield></datafield><datafield ind1=" " ind2=" " tag="533"><subfield code="a">Electronic reproduction.</subfield><subfield code="b">New York, N.Y. :</subfield><subfield code="c">New York University,</subfield><subfield code="d">2015.</subfield><subfield code="5">NNU</subfield></datafield><datafield ind1="2" ind2=" " tag="710"><subfield code="a">Columbia University.</subfield><subfield code="b">Libraries.</subfield></datafield><datafield ind1="0" ind2=" " tag="730"><subfield code="a">Arabic Collections Online.</subfield></datafield><datafield ind1="0" ind2="8" tag="776"><subfield code="i">Print version:</subfield><subfield code="a">Naqdi&#772;, Ja&#699;far, 1885-1951.</subfield><subfield code="t">Kita&#772;b Minan al-Rah&#803;ma&#772;n</subfield><subfield code="w">(NNC)4893622</subfield><subfield code="w">(OCoLC)56798345</subfield></datafield><datafield ind1="4" ind2="0" tag="856"><subfield code="u">http://hdl.handle.net/2333.1/f1vhhpsf</subfield></datafield><datafield ind1=" " ind2=" " tag="959"><subfield code="a">NNU</subfield><subfield code="b">WEB</subfield><subfield code="c">GENI</subfield><subfield code="t">0</subfield><subfield code="m">Electronic access</subfield><subfield code="s">01</subfield></datafield><datafield ind1=" " ind2=" " tag="999"><subfield code="i">NNC_4893622</subfield><subfield code="o">(OCoLC)ocm56798345 </subfield><subfield code="s">columbia_aco000384</subfield><subfield code="e">(ERROR-880)</subfield></datafield></record>